@article{eh_ek_2008,
	doi = {10.1103/physreva.77.032110},
	url = {https://doi.org/10.1103%2Fphysreva.77.032110},	
	year = {2008},
	month = {mar},	
	publisher = {American Physical Society ({APS})},	
	volume = {77},	
	number = {3},
	author = {J. {\v{R}}eh{\'{a}}{\v{c}}ek and Z. Bouchal and R. {\v{C}}elechovsk{\'{y}} and Z. Hradil and L. L. S{\'{a}}nchez-Soto},	
	title = {Experimental test of uncertainty relations for quantum mechanics on a circle},
	journal = {Physical Review A}
}

@article{Lopez_Vazquez_2016,
	doi = {10.1088/0031-8949/91/5/055101},
	url = {https://doi.org/10.1088/0031-8949/91/5/055101},
	year = 2016,
	month = {apr},
	publisher = {{IOP} Publishing},
	volume = {91},
	number = {5},
	pages = {055101},
	author = {P C L{\'{o}}pez V{\'{a}}zquez and A Garc{\'{\i}}a},
	title = {Approximation to the quantum planar rotor coupled to a finite temperature bath},
	journal = {Physica Scripta}
}

@book{lemos2018analytical,
	title={Analytical Mechanics},
	author={Lemos, N.A.},
	isbn={9781108416580},
	lccn={2018011108},
	url={https://books.google.ca/books?id=JbViDwAAQBAJ},
	year={2018},
	publisher={Cambridge University Press}
}

@book{book_manybody,
	title={Computational Many-Particle Physics},
	author={Fehske, H. and Schneider, R. and Wei{\ss}e, A.},
	isbn={9783540746867},
	lccn={2007936165},
	series={Lecture Notes in Physics},
	url={https://books.google.ca/books?id=bNZrCQAAQBAJ},
	year={2007},
	publisher={Springer Berlin Heidelberg}
}

@inproceedings{sandvik_review,
	doi = {10.1063/1.3518900},	
	url = {https://doi.org/10.1063%2F1.3518900},	
	year = 2010,
	publisher = {{AIP}},	
	author = {Anders W. Sandvik and Adolfo Avella and Ferdinando Mancini},	
	title = {Computational Studies of Quantum Spin Systems},	
	booktitle = {{AIP} Conference Proceedings}
}

@misc{roger_notes,
	author = "{Roger G. Melko}",
	title = "Stochastic Series Expansion Quantum Monte
	Carlo",
	howpublished = "\url{https://pitp.phas.ubc.ca/confs/sherbrooke2012/archives/Melko_SSEQMC.pdf}",
	note = "[Online; access May 2022]"
}

@article{sergey_2008,
	doi = {10.48550/ARXIV.QUANT-PH/0606140},  
	url = {https://arxiv.org/abs/quant-ph/0606140},  
	author = {Bravyi, Sergey and DiVincenzo, David P. and Oliveira, Roberto I. and Terhal, Barbara M.},  
	keywords = {Quantum Physics (quant-ph), FOS: Physical sciences, FOS: Physical sciences},  
	title = {The Complexity of Stoquastic Local Hamiltonian Problems},  
	publisher = {arXiv},
	year = {2006},  
	copyright = {Assumed arXiv.org perpetual, non-exclusive license to distribute this article for submissions made before January 2004}
}

@article{sergey_2014,
	doi = {10.48550/ARXIV.1402.2295},  
	url = {https://arxiv.org/abs/1402.2295},  
	author = {Bravyi, Sergey},  
	keywords = {Quantum Physics (quant-ph), FOS: Physical sciences, FOS: Physical sciences},  
	title = {Monte Carlo simulation of stoquastic Hamiltonians},  
	publisher = {arXiv},  
	year = {2014},
	copyright = {arXiv.org perpetual, non-exclusive license}
}

@article{sandvik_2000,
	title = {Sign problem in Monte Carlo simulations of frustrated quantum spin systems},
	author = {Henelius, Patrik and Sandvik, Anders W.},
	journal = {Phys. Rev. B},
	volume = {62},
	issue = {2},
	pages = {1102--1113},
	numpages = {0},
	year = {2000},
	month = {Jul},
	publisher = {American Physical Society},
	doi = {10.1103/PhysRevB.62.1102},
	url = {https://link.aps.org/doi/10.1103/PhysRevB.62.1102}
}

@article{Loh_1998,
	title = {Sign problem in the numerical simulation of many-electron systems},
	author = {Loh, E. Y. and Gubernatis, J. E. and Scalettar, R. T. and White, S. R. and Scalapino, D. J. and Sugar, R. L.},
	journal = {Phys. Rev. B},
	volume = {41},
	issue = {13},
	pages = {9301--9307},
	numpages = {0},
	year = {1990},
	month = {May},
	publisher = {American Physical Society},
	doi = {10.1103/PhysRevB.41.9301},
	url = {https://link.aps.org/doi/10.1103/PhysRevB.41.9301}
}

@article{Halverson2018,
	author = {Halverson,Tom  and Iouchtchenko,Dmitri  and Roy,Pierre-Nicholas },
	title = {Quantifying entanglement of rotor chains using basis truncation: Application to dipolar endofullerene peapods},
	journal = {The Journal of Chemical Physics},
	volume = {148},
	number = {7},
	pages = {074112},
	year = {2018},
	doi = {10.1063/1.5011769},
	
	URL = { 
	https://doi.org/10.1063/1.5011769
	
	},
	eprint = { 
	https://doi.org/10.1063/1.5011769
	
	}
	
}

@article{Sahoo2020,
	author = {Sahoo,Tapas  and Iouchtchenko,Dmitri  and Herdman,C. M.  and Roy,Pierre-Nicholas },
	title = {A path integral ground state replica trick approach for the computation of entanglement entropy of dipolar linear rotors},
	journal = {The Journal of Chemical Physics},
	volume = {152},
	number = {18},
	pages = {184113},
	year = {2020},
	doi = {10.1063/5.0004602},
	
	URL = { 
	https://doi.org/10.1063/5.0004602
	
	},
	eprint = { 
	https://doi.org/10.1063/5.0004602
	
	}
	
}

@article{Iouchtchenko2018,
	author = {Iouchtchenko,Dmitri  and Roy,Pierre-Nicholas },
	title = {Ground states of linear rotor chains via the density matrix renormalization group},
	journal = {The Journal of Chemical Physics},
	volume = {148},
	number = {13},
	pages = {134115},
	year = {2018},
	doi = {10.1063/1.5024403},
	
	URL = { 
	https://doi.org/10.1063/1.5024403
	
	},
	eprint = { 
	https://doi.org/10.1063/1.5024403
	
	}
	
}

@article{Mainali2021,
	author = {Mainali,Samrit  and Gatti,Fabien  and Iouchtchenko,Dmitri  and Roy,Pierre-Nicholas  and Meyer,Hans-Dieter },
	title = {Comparison of the multi-layer multi-configuration time-dependent Hartree (ML-MCTDH) method and the density matrix renormalization group (DMRG) for ground state properties of linear rotor chains},
	journal = {The Journal of Chemical Physics},
	volume = {154},
	number = {17},
	pages = {174106},
	year = {2021},
	doi = {10.1063/5.0047090},
	
	URL = { 
	https://doi.org/10.1063/5.0047090
	
	},
	eprint = { 
	https://doi.org/10.1063/5.0047090
	
	}
	
}

@article{DeVlugt2020,
	title = {Reconstructing quantum molecular rotor ground states},
	author = {De Vlugt, Isaac J. S. and Iouchtchenko, Dmitri and Merali, Ejaaz and Roy, Pierre-Nicholas and Melko, Roger G.},
	journal = {Phys. Rev. B},
	volume = {102},
	issue = {3},
	pages = {035108},
	numpages = {10},
	year = {2020},
	month = {Jul},
	publisher = {American Physical Society},
	doi = {10.1103/PhysRevB.102.035108},
	url = {https://link.aps.org/doi/10.1103/PhysRevB.102.035108}
}

@article{Colbert_Miller,
	author = {Colbert,Daniel T.  and Miller,William H. },
	title = {A novel discrete variable representation for quantum mechanical reactive scattering via the S‚Äêmatrix Kohn method},
	journal = {The Journal of Chemical Physics},
	volume = {96},
	number = {3},
	pages = {1982-1991},
	year = {1992},
	doi = {10.1063/1.462100},
	
	URL = { 
	https://doi.org/10.1063/1.462100
	
	},
	eprint = { 
	https://doi.org/10.1063/1.462100
	
	}
	
}


@article{Sandvik2003,
	title = {Stochastic series expansion method for quantum Ising models with arbitrary interactions},
	author = {Sandvik, Anders W.},
	journal = {Phys. Rev. E},
	volume = {68},
	issue = {5},
	pages = {056701},
	numpages = {9},
	year = {2003},
	month = {Nov},
	publisher = {American Physical Society},
	doi = {10.1103/PhysRevE.68.056701},
	url = {https://link.aps.org/doi/10.1103/PhysRevE.68.056701}
}

@article{Melko2005,
	title = {Stochastic series expansion algorithm for the S half XY model with four-site ring exchange},
	author = {Melko, Roger G. and Sandvik, Anders W.},
	journal = {Phys. Rev. E},
	volume = {72},
	issue = {2},
	pages = {026702},
	numpages = {22},
	year = {2005},
	month = {Aug},
	publisher = {American Physical Society},
	doi = {10.1103/PhysRevE.72.026702},
	url = {https://link.aps.org/doi/10.1103/PhysRevE.72.026702}
}

@article{Yan_2017,
	doi = {10.1088/1361-6455/aa8d7f},	
	url = {https://doi.org/10.1088%2F1361-6455%2Faa8d7f},	
	year = 2017,
	month = {oct},	
	publisher = {{IOP} Publishing},	
	volume = {50},	
	number = {22},	
	pages = {223001},	
	author = {Yangqian Yan and D Blume},	
	title = {Path integral Monte Carlo ground state approach: formalism, implementation, and applications},	
	journal = {Journal of Physics B: Atomic, Molecular and Optical Physics}
}

